<?xml version="1.0" encoding="UTF-8"?><collection xmlns="http://www.loc.gov/MARC21/slim"><record><leader>00431nam--2200145-i-4500</leader><controlfield tag="001">000022819</controlfield><controlfield tag="002">20161230</controlfield><controlfield tag="005">20161230201034</controlfield><controlfield tag="008">060222s1000------------r-----000-0-eng-d</controlfield><datafield ind1=" " ind2=" " tag="080"><subfield code="a">541.28</subfield></datafield><datafield ind1=" " ind2=" " tag="100"><subfield code="a">Heinrich, Bernard</subfield></datafield><datafield ind1=" " ind2=" " tag="245"><subfield code="a">Praktikum. aktivierungsanalyse. bestimmung vo silber und thallium in technischen blei</subfield></datafield><datafield ind1=" " ind2=" " tag="260"><subfield code="a">Karlsruhe, Kernforschungszentrum, 1963. P.Dif</subfield></datafield><datafield ind1=" " ind2=" " tag="490"><subfield code="a">Schule Fur Kerntechnik</subfield></datafield><datafield ind1=" " ind2=" " tag="852"><subfield code="a">30372</subfield></datafield></record></collection>